<record xmlns='http://www.loc.gov/MARC21/slim'><leader>01514cim a22003732u 4500</leader><controlfield tag='001'>3600513</controlfield><controlfield tag='005'>20151214182614.0</controlfield><controlfield tag='007'>ss|lmnjluz|nuu</controlfield><controlfield tag='008'>991101s1986    nyunnn         l    eng d</controlfield><datafield ind1=' ' ind2=' ' tag='035'><subfield code='a'>(NIC)notisASF7578</subfield></datafield><datafield ind1=' ' ind2=' ' tag='035'><subfield code='a'>3600513</subfield></datafield><datafield ind1=' ' ind2=' ' tag='035'><subfield code='a'>(OCoLC)63896171</subfield></datafield><datafield ind1=' ' ind2=' ' tag='040'><subfield code='a'>NIC</subfield><subfield code='c'>NIC</subfield><subfield code='d'>NIC</subfield><subfield code='d'>NIC</subfield></datafield><datafield ind1='1' ind2=' ' tag='100'><subfield code='a'>McCleary, Peter.</subfield></datafield><datafield ind1='1' ind2='4' tag='245'><subfield code='a'>The metamorphosis of perception through production</subfield><subfield code='h'>[sound recording]</subfield></datafield><datafield ind1=' ' ind2=' ' tag='260'><subfield code='c'>1986.</subfield></datafield><datafield ind1=' ' ind2=' ' tag='300'><subfield code='a'>1 sound cassette (80 min.) :</subfield><subfield code='b'>analog, mono.</subfield></datafield><datafield ind1=' ' ind2=' ' tag='500'><subfield code='a'>Recorded in Ithaca, NY by Cornell University.</subfield></datafield><datafield ind1=' ' ind2=' ' tag='500'><subfield code='a'>Sponsored by: History and Philosophy of Science and Technology, Program in the.</subfield></datafield><datafield ind1=' ' ind2=' ' tag='518'><subfield code='a'>Lecture, February 19, 1986.</subfield></datafield><datafield ind1=' ' ind2=' ' tag='520'><subfield code='a'>McCleary discusses technology, emphasizing architecture, and its interaction with society.  He proposes that experience and knowledge of the world is through &quot;levels of mediation with the physical world&quot;.</subfield></datafield><datafield ind1=' ' ind2=' ' tag='540'><subfield code='a'>No reproductions authorized.</subfield></datafield><datafield ind1=' ' ind2='0' tag='650'><subfield code='a'>Architecture and society.</subfield></datafield><datafield ind1=' ' ind2='0' tag='650'><subfield code='a'>Technology</subfield><subfield code='x'>Social aspects.</subfield></datafield><datafield ind1=' ' ind2='0' tag='650'><subfield code='a'>Existentialism.</subfield></datafield><datafield ind1=' ' ind2='0' tag='650'><subfield code='a'>Philosophy, Modern</subfield><subfield code='y'>20th century.</subfield></datafield><datafield ind1=' ' ind2='7' tag='648'><subfield code='a'>1900 - 1999</subfield><subfield code='2'>fast</subfield></datafield><datafield ind1=' ' ind2='7' tag='650'><subfield code='a'>Architecture and society</subfield><subfield code='2'>fast</subfield><subfield code='0'>(OCoLC)fst00813574</subfield></datafield><datafield ind1=' ' ind2='7' tag='650'><subfield code='a'>Existentialism</subfield><subfield code='2'>fast</subfield><subfield code='0'>(OCoLC)fst00918204</subfield></datafield><datafield ind1=' ' ind2='7' tag='650'><subfield code='a'>Philosophy, Modern</subfield><subfield code='2'>fast</subfield><subfield code='0'>(OCoLC)fst01061071</subfield></datafield><datafield ind1=' ' ind2='7' tag='650'><subfield code='a'>Technology</subfield><subfield code='x'>Social aspects</subfield><subfield code='2'>fast</subfield><subfield code='0'>(OCoLC)fst01145202</subfield></datafield><datafield ind1='1' ind2=' ' tag='899'><subfield code='a'>CULectures</subfield></datafield><datafield ind1=' ' ind2=' ' tag='905'><subfield code='a'>20000119120000.0</subfield></datafield><datafield ind1='2' ind2=' ' tag='948'><subfield code='a'>20141221</subfield><subfield code='b'>m</subfield><subfield code='d'>batch</subfield><subfield code='e'>lts</subfield><subfield code='x'>addfast</subfield></datafield></record>